<?xml version="1.0" encoding="UTF-8"?><record xmlns="http://www.loc.gov/MARC21/slim" xmlns:cinclude="http://apache.org/cocoon/include/1.0" xmlns:zs="http://www.loc.gov/zing/srw/">
  <leader>02571cz  a2200397n  4500</leader>
  <controlfield tag="001">n  89606351 </controlfield>
  <controlfield tag="003">DLC</controlfield>
  <controlfield tag="005">20121006074746.0</controlfield>
  <controlfield tag="008">890206n| azannaabn          |a aaa      </controlfield>
  <datafield tag="010" ind1=" " ind2=" ">
    <subfield code="a">n  89606351 </subfield>
    <subfield code="z">nr 96033639 </subfield>
  </datafield>
  <datafield tag="035" ind1=" " ind2=" ">
    <subfield code="a">(OCoLC)oca02452996</subfield>
  </datafield>
  <datafield tag="040" ind1=" " ind2=" ">
    <subfield code="a">DLC</subfield>
    <subfield code="b">eng</subfield>
    <subfield code="e">rda</subfield>
    <subfield code="c">DLC</subfield>
    <subfield code="d">DLC</subfield>
    <subfield code="d">NjP</subfield>
    <subfield code="d">CSmH</subfield>
    <subfield code="d">DLC</subfield>
    <subfield code="d">UPB</subfield>
  </datafield>
  <datafield tag="046" ind1=" " ind2=" ">
    <subfield code="f">1507</subfield>
    <subfield code="g">1588</subfield>
  </datafield>
  <datafield tag="100" ind1="1" ind2=" ">
    <subfield code="a">Strada, Jacobus,</subfield>
    <subfield code="d">1507-1588</subfield>
  </datafield>
  <datafield tag="370" ind1=" " ind2=" ">
    <subfield code="a">Mantua, Italy</subfield>
    <subfield code="b">Vienna, Austria</subfield>
    <subfield code="c">Italy</subfield>
    <subfield code="c">Germany</subfield>
    <subfield code="c">Austria</subfield>
  </datafield>
  <datafield tag="374" ind1=" " ind2=" ">
    <subfield code="a">Architect</subfield>
    <subfield code="a">Painter</subfield>
  </datafield>
  <datafield tag="375" ind1=" " ind2=" ">
    <subfield code="a">male</subfield>
  </datafield>
  <datafield tag="400" ind1="1" ind2=" ">
    <subfield code="a">Strada, Jacques,</subfield>
    <subfield code="d">1507-1588</subfield>
  </datafield>
  <datafield tag="400" ind1="1" ind2=" ">
    <subfield code="a">De Strada, Jacobus,</subfield>
    <subfield code="d">1507-1588</subfield>
  </datafield>
  <datafield tag="400" ind1="1" ind2=" ">
    <subfield code="a">Strada, Jacopo,</subfield>
    <subfield code="d">1507-1588</subfield>
  </datafield>
  <datafield tag="400" ind1="1" ind2=" ">
    <subfield code="a">Strada, Jacobo,</subfield>
    <subfield code="d">1507-1588</subfield>
  </datafield>
  <datafield tag="400" ind1="1" ind2=" ">
    <subfield code="a">Strada, Giacomo,</subfield>
    <subfield code="d">1507-1588</subfield>
  </datafield>
  <datafield tag="400" ind1="1" ind2=" ">
    <subfield code="a">Strada de Rosberg, Jacques,</subfield>
    <subfield code="d">1507-1588</subfield>
  </datafield>
  <datafield tag="400" ind1="1" ind2=" ">
    <subfield code="a">Rosberg, Jacques Strada de,</subfield>
    <subfield code="d">1507-1588</subfield>
  </datafield>
  <datafield tag="670" ind1=" " ind2=" ">
    <subfield code="a">nuc89-10616: Panvinio, O. Fasti et trivmphi Rom. ... [MI]</subfield>
    <subfield code="b">(hdg. on MiU rept.: Strada, Jacobus, a Rosberg, d. 1588; usage: Iacobi Stradae)</subfield>
  </datafield>
  <datafield tag="670" ind1=" " ind2=" ">
    <subfield code="a">Epitome thesauri antiquitatum, 1553:</subfield>
    <subfield code="b">t.p. (Iacobi de Strada Mantuani antiquarij)</subfield>
  </datafield>
  <datafield tag="670" ind1=" " ind2=" ">
    <subfield code="a">Biog. universelle:</subfield>
    <subfield code="b">v.40, p. 300 (Strada de Rosberg, Jacques; antiquarian b. in Mantoue, 16th c.)</subfield>
  </datafield>
  <datafield tag="670" ind1=" " ind2=" ">
    <subfield code="a">L'Album fiorentino dei disegni artificiali raccolti da Jacopo e Ottavio Strada, c2002:</subfield>
    <subfield code="b">p. 3 (Jacopo Strada (1515-1588))</subfield>
  </datafield>
  <datafield tag="670" ind1=" " ind2=" ">
    <subfield code="a">Epitome pontificvm romanorvm, 1557:</subfield>
    <subfield code="b">t.p. (Iacobi Stradae Mantuani)</subfield>
  </datafield>
  <datafield tag="670" ind1=" " ind2=" ">
    <subfield code="a">Clavis typographorum librariorumque ... 1992:</subfield>
    <subfield code="b">p. 454 (Strada, Giacomo (1557): Venice; gives separate entry for Strada, Jacques (1553): Lyon, who is apparently the same as Strada, Jacobus, d. 1588)</subfield>
  </datafield>
  <datafield tag="670" ind1=" " ind2=" ">
    <subfield code="a">Biog. &amp; geneal. master index, June 4, 2004</subfield>
    <subfield code="b">(Strada, Jacopo (1507-1588), Strada, Jacopo de (1515?-1588))</subfield>
  </datafield>
  <datafield tag="670" ind1=" " ind2=" ">
    <subfield code="a">Tiziano Vecellio Titian, Portrait of Jacopo Strada Web site, June 4, 2004</subfield>
    <subfield code="b">(Jacopo Strada)</subfield>
  </datafield>
  <datafield tag="670" ind1=" " ind2=" ">
    <subfield code="a">Titian, Jacopo Strada, c1567-8 Web site, June 4, 2004</subfield>
    <subfield code="b">(Jacopo Strada)</subfield>
  </datafield>
  <datafield tag="670" ind1=" " ind2=" ">
    <subfield code="a">Jacopo Strada[en] Web site, June 4, 2004</subfield>
    <subfield code="b">(Jacopo Strada; b. Mantova, 1507; d. 1588; Italian architect and painter, active in Germany and Austria; projects: Residenz. Antiquarium  Munich (München); 1569-1571)</subfield>
  </datafield>
  <datafield tag="670" ind1=" " ind2=" ">
    <subfield code="a">AIA Strada, Jacobo Web site, June 4, 2004</subfield>
    <subfield code="b">(Strada, Jacobo ( Sträda, Sträde, Strata, Strote, Strady); Jacopo, Jakob, Jacoben, Giacomo, (da/ de); Baumeister, Maler, Zeichner für Goldschmiedearbeiten; Goldschmied, Kunstsammler, Antiquar, Münzforscher, Schriftsteller und Verleger; b. Mantua, 1507; d. Wien, 1588)</subfield>
  </datafield>
  <datafield tag="670" ind1=" " ind2=" ">
    <subfield code="a">Jacopo Strada (1510-1588) : mannerist splendor ..., 2007.</subfield>
  </datafield>
</record>